@article{baker2010,
   author = {Baker, David},
   title = {An exciting but challenging road ahead for computational enzyme design},
   journal = {Protein science},
   volume = {19},
   number = {10},
   pages = {1817-1819},
   ISSN = {1469-896X},
   year = {2010},
   type = {Journal Article}
}

@article{damborsky, 
   author = {Damborsky, Jiri and Brezovsky, Jan},
   title = {Computational tools for designing and engineering enzymes},
   journal = {Current opinion in chemical biology},
   volume = {19},
   pages = {8-16},
   ISSN = {1367-5931},
   year = {2014},
   type = {Journal Article}
}

@misc{
   author = {Fersht, Alan},
   title = {Structure and mechanism in protein science},
   publisher = {Freeman, New York},
   year = {1999},
   type = {Generic}
}

@article{
   author = {Frushicheva, Maria P. and Cao, Jie and Chu, Zhen T. and Warshel, Arieh},
   title = {Exploring challenges in rational enzyme design by simulating the catalysis in artificial kemp eliminase},
   journal = {Proceedings of the National Academy of Sciences},
   volume = {107},
   number = {39},
   pages = {16869-16874},
   ISSN = {0027-8424},
   year = {2010},
   type = {Journal Article}
}

@article{
   author = {Gordon, Sydney R. and Stanley, Elizabeth J. and Wolf, Sarah and Toland, Angus and Wu, Sean J. and Hadidi, Daniel and Mills, Jeremy H. and Baker, David and Pultz, Ingrid Swanson and Siegel, Justin B.},
   title = {Computational design of an α-Gliadin Peptidase},
   journal = {Journal of the American Chemical Society},
   volume = {134},
   number = {50},
   pages = {20513-20520},
   ISSN = {0002-7863},
   year = {2012},
   type = {Journal Article}
}

@article{
   author = {Isorna, Pablo and Polaina, Julio and Latorre-García, Lorena and Cañada, Francisco Javier and González, Beatriz and Sanz-Aparicio, Julia},
   title = {Crystal structures of Paenibacillus polymyxa β-glucosidase B complexes reveal the molecular basis of substrate specificity and give new insights into the catalytic machinery of family I glycosidases},
   journal = {Journal of molecular biology},
   volume = {371},
   number = {5},
   pages = {1204-1218},
   ISSN = {0022-2836},
   year = {2007},
   type = {Journal Article}
}

@article{
   author = {Khare, Sagar D. and Kipnis, Yakov and Takeuchi, Ryo and Ashani, Yacov and Goldsmith, Moshe and Song, Yifan and Gallaher, Jasmine L. and Silman, Israel and Leader, Haim and Sussman, Joel L.},
   title = {Computational redesign of a mononuclear zinc metalloenzyme for organophosphate hydrolysis},
   journal = {Nature chemical biology},
   volume = {8},
   number = {3},
   pages = {294-300},
   ISSN = {1552-4450},
   year = {2012},
   type = {Journal Article}
}

@article{
   author = {Kumar, M. D. Shaji and Bava, K. Abdulla and Gromiha, M. Michael and Prabakaran, Ponraj and Kitajima, Koji and Uedaira, Hatsuho and Sarai, Akinori},
   title = {ProTherm and ProNIT: thermodynamic databases for proteins and protein–nucleic acid interactions},
   journal = {Nucleic Acids Research},
   volume = {34},
   number = {suppl 1},
   pages = {D204-D206},
   ISSN = {0305-1048},
   year = {2006},
   type = {Journal Article}
}

@article{
   author = {Kwan, David H. and Constantinescu, Iren and Chapanian, Rafi and Higgins, Melanie A. and Koetzler, Miriam and Samain, Eric and Boraston, Alisdair B. and Kizhakkedathu, Jayachandran N. and Withers, Stephen G.},
   title = {Towards efficient enzymes for the generation of universal blood through structure-guided directed evolution},
   journal = {Journal of the American Chemical Society},
   ISSN = {0002-7863},
   year = {2015},
   type = {Journal Article}
}

@article{
   author = {Mak, Wai Shun and Siegel, Justin B.},
   title = {Computational enzyme design: Transitioning from catalytic proteins to enzymes},
   journal = {Current opinion in structural biology},
   volume = {27},
   pages = {87-94},
   ISSN = {0959-440X},
   year = {2014},
   type = {Journal Article}
}

@article{
   author = {Marcheschi, Ryan J. and Li, Han and Zhang, Kechun and Noey, Elizabeth L. and Kim, Seonah and Chaubey, Asha and Houk, K. N. and Liao, James C.},
   title = {A synthetic recursive “+ 1” pathway for carbon chain elongation},
   journal = {ACS chemical biology},
   volume = {7},
   number = {4},
   pages = {689-697},
   ISSN = {1554-8929},
   year = {2012},
   type = {Journal Article}
}

@article{
   author = {Siegel, Justin B. and Smith, Amanda Lee and Poust, Sean and Wargacki, Adam J. and Bar-Even, Arren and Louw, Catherine and Shen, Betty W. and Eiben, Christopher B. and Tran, Huu M. and Noor, Elad},
   title = {Computational protein design enables a novel one-carbon assimilation pathway},
   journal = {Proceedings of the National Academy of Sciences},
   volume = {112},
   number = {12},
   pages = {3704-3709},
   ISSN = {0027-8424},
   year = {2015},
   type = {Journal Article}
}

@article{
   author = {Sunden, Fanny and Peck, Ariana and Salzman, Julia and Ressl, Susanne and Herschlag, Daniel},
   title = {Extensive site-directed mutagenesis reveals interconnected functional units in the Alkaline Phosphatase active site},
   journal = {eLife},
   pages = {e06181},
   ISSN = {2050-084X},
   year = {2015},
   type = {Journal Article}
}

@article{
   author = {Warshel, Arieh and Sharma, Pankaz K. and Kato, Mitsunori and Xiang, Yun and Liu, Hanbin and Olsson, Mats H. M.},
   title = {Electrostatic basis for enzyme catalysis},
   journal = {Chemical reviews},
   volume = {106},
   number = {8},
   pages = {3210-3235},
   ISSN = {0009-2665},
   year = {2006},
   type = {Journal Article}
}

@article{
   author = {Wijma, Hein J. and Janssen, Dick B.},
   title = {Computational design gains momentum in enzyme catalysis engineering},
   journal = {FEBS Journal},
   volume = {280},
   number = {13},
   pages = {2948-2960},
   ISSN = {1742-4658},
   year = {2013},
   type = {Journal Article}
}

